% Para referências de artigos, temos os seguintes padrões:
@article{HOVE2013,
    title = {Estimates of the Linke turbidity factor over Zimbabwe using ground-measured clear-sky global solar radiation and sunshine records based on a modified ESRA clear-sky model approach},
    journal = {Renewable Energy},
    volume = {52},
    pages = {190-196},
    year = {2013},
    issn = {0960-1481},
    doi = {https://doi.org/10.1016/j.renene.2012.09.059},
    url = {https://www.sciencedirect.com/science/article/pii/S0960148112006593},
    author = {T. Hove and E. Manyumbu},
    keywords = {Linke turbidity factor, Daily solar radiation},
    abstract = {This paper describes a procedure that can be used to calculate values for Linke atmospheric turbidity factors at air mass 2 (TL2) over Zimbabwe. Ground measured daily global solar radiation on clear days over 3years is used to evaluate TL2 for those stations that measure global radiation. The evaluation makes use of the clear-sky model of the European Solar Radiation Atlas (ESRA) combined with a diffuse transmittance model developed in the study. For those stations that do not measure global radiation but have sunshine duration records, global radiation values are generated through Angstrom type regression coefficients between the clearness index and relative sunshine duration. The TL2 values that are generated from the ESRA model are higher than those obtained from the study model (root mean square error (RMSE) up to 1.0 Turbidity Units). When compared to TL2 values from this study, the worldwide database SoDA, give significantly higher TL2 values (RMSE up to 2.2 Turbidity Units), underlining the value addition obtained in using measurement derived values in place of SoDA values. The values obtained from the study may be used to yield better estimates of clear-sky solar radiation for Zimbabwe. A better estimate of the clear-sky solar radiation will in turn improve the accuracy of the global radiation estimates from satellite based methods.}
}

@article{GUEYMARD1993,
    title = {Critical analysis and performance assessment of clear sky solar irradiance models using theoretical and measured data},
    journal = {Solar Energy},
    volume = {51},
    number = {2},
    pages = {121-138},
    year = {1993},
    issn = {0038-092X},
    doi = {https://doi.org/10.1016/0038-092X(93)90074-X},
    url = {https://www.sciencedirect.com/science/article/pii/0038092X9390074X},
    author = {Christian Gueymard},
    abstract = {Eleven clear sky irradiance models have been selected for this analysis. All predict the beam, diffuse, and global radiation on a horizontal surface. Three types of analyses are made in order to test the validity of the models, their limitations, and their performance for standard or real conditions. First, a detailed analysis of the main equations of the models is performed. It is shown that atmospheric effects are not always correctly modeled. The modeling of water vapor absorption, and more importantly of aerosol extinction mostly conditions the overall model accuracy. Second, the performance of each model is statistically evaluated by comparison with a benchmark constituted by the predictions of three sophisticated spectral codes. Third, real life performance is evaluated by comparison with a large number of measured data from seven sites around the world, encompassing a wide range of atmospheric conditions. The more physical models are found to be generally of higher accuracy and greater flexibility than empirical models.}
}

@article{FAZAL2023,
    title = {Progress of PV cell technology: Feasibility of building materials, cost, performance, and stability},
    journal = {Solar Energy},
    volume = {258},
    pages = {203-219},
    year = {2023},
    issn = {0038-092X},
    doi = {https://doi.org/10.1016/j.solener.2023.04.066},
    url = {https://www.sciencedirect.com/science/article/pii/S0038092X23003110},
    author = {M.A. Fazal and Saeed Rubaiee},
    keywords = {PV technology, Feasibility, Materials, Efficiency, Cost, Performance, Stability},
}

@article{andrade2016,
   author = {Andrade, R. C. and Tiba, C.},
   title = {Extreme global solar irradiance due to cloud enhancement in northeastern {B}razil},
   journal = {Renewable Energy},
   volume = {86},
   pages = {1433-1441},
   year = {2016},
   type = {Journal Article}
}

@ARTICLE{batista2015,
  author={Batista, Ygo N. and de Souza, Helber E. P. and Neves, Francisco A. S. and Dias Filho, Roberto F. and Bradaschia, Fabricio},
  journal={IEEE Transactions on Industrial Electronics}, 
  title={Variable-Structure Generalized Delayed Signal Cancellation PLL to Improve Convergence Time}, 
  year={2015},
  volume={62},
  number={11},
  pages={7146-7150},
  doi={10.1109/TIE.2015.2443108}}

% Para dissertação de mestrado:
@mastersthesis{bm2018,
    address = {Mossoró},
    author = {Bemielison G. S. Bezerra},
    pages={90},
    school = {Programa de Pós-Graduação em Sistemas de Comunicação e Automação, Universidade Federal Rural do Semi-Árido},
    title = {IoT baseada em PHM aplicada a centrais condicionadoras de ar},
    type={Dissertação (Mestrado em Engenharia Elétrica)},
    year={2018}
}

% Para tese de doutorado:
@phdthesis{batista2017,
    address = {Recife},
    author = {Ygo Neto Batista},
    pages = {179},
    school = {Programa de Pós-Graduação em Engenharia Elétrica, Universidade Federal de Pernambuco},
    title = {Cancelamento por sinal atrasado generalizado: estrutura variável para sincronização e identificação de curtos-circuitos},
    type={Tese (Doutorado em Engenharia Elétrica)},
    year={2017}
}

% Para páginas da internet e outros tipos de bibliografia, o padrão é esse:
@misc{figuraslatex,
    author = "Felipe Cabral",
    title = "Como adicionar figuras em LaTeX – CL 6",
    year = "2017",
    howpublished = "Disponível em: \url{https://vidaestudantil.com/podcasts/como-adicionar-figuras-em-latex-cl-6/}. ",
    note = "Acesso em 30 ago. 2023."
}

@misc{tabelaslatex,
    author = "Felipe Cabral",
    title = "Como escrever tabelas em LaTeX – CL 7",
    year = "2017",
    howpublished = "Disponível em: \url{https://vidaestudantil.com/podcasts/como-escrever-tabelas-em-latex-cl-7/}. ",
    note = "Acesso em 30 ago. 2023."
}

% Para livros:
@book{dirac,
    title = {The Principles of Quantum Mechanics},
    author = {Paul Adrien Maurice Dirac},
    isbn = {9780198520115},
    series = {International series of monographs on physics},
    year = {1981},
    publisher = {Clarendon Press},
    keywords = {physics}
}

% Para datasheet de equipamentos:
@misc{ade78xxa,
  title = {Datasheet ADE7854A/ADE7858A/ADE7868A/ADE7878A},
  author = {{ANALOG DEVICES}},
  year = {2021},
  pages = {96},
}

% Creio que todos os tipos de referência que vão utilizar já foram descritos. Mas caso precisem de mais, acessem as páginas do Overleaf sobre esse assunto. As páginas serão informadas logo abaixo

% https://pt.overleaf.com/learn/latex/Bibliography_management_in_LaTeX
% https://www.overleaf.com/learn/latex/Bibliography_management_with_bibtex